@misc{liste_generateurs,
    title = "Liste des générateurs de code",
    year = "2017",
    month = "Janvier",
    howpublished = "\url{https://en.wikipedia.org/wiki/Comparison_of_code_generation_tools}"
}
